%
%  An example of a bibliographical database for bibTeX
%
%  Recommended software for maintenance of *.bib files:
%    JabRef, http://jabref.sourceforge.net/
%
%  BEWARE:
%
%    *  If a name contains a capital letter, which must be kept such,
%       use curly brackets ({T}hailand, {HIV}).
%
%  ===========================================================================

@book{Koza1992,
 author = {{K}oza, {J}ohn {R}.},
 title = {{G}enetic {P}rogramming: On the Programming of Computers by Means of Natural Selection},
 year = {1992},
 isbn = {0-262-11170-5},
 publisher = {{MIT} {P}ress},
 address = {Cambridge, {MA}, {USA}},
} 
