@book{AdaptationInSystems,
 author = {Holland, John H.},
 title = {Adaptation in Natural and Artificial Systems},
 year = {1992},
 isbn = {0-262-58111-6},
 publisher = {MIT Press},
 address = {Cambridge, MA, USA},
} 
