
@article{CatmullRomSplines, 
  title={A class of local interpolating splines}, 
  author={Catmull, Edwin and Rom, Raphael}, 
  journal={Computer aided geometric design}, 
  volume={74}, 
  pages={317--326}, 
  year={1974} 
} 