@inproceedings{EvolvingQwopGaits,
title = {Evolving QWOP gaits},
author  = {Steven Ray and Vahl Scott Gordon and Laurent Vaucher},
year  = 2014,
URL = {http://dl.acm.org/citation.cfm?id=2598248},
booktitle = {GECCO '14 Proceedings of the 2014 conference on Genetic and evolutionary computation},
pages = {823-830},
address = {Vancouver}
}

