@book{GaConceptsDesigns,
  Author = {Kim-Fung Man and Kit Sang TANG and Sam Kwong},
  Title = {Genetic Algorithms: Concepts and Designs (Advanced Textbooks in Control and Signal Processing)},
  Publisher = {Springer},
  Year = {2001},
  ISBN = {1852330724},
  URL = {http://www.amazon.com/Genetic-Algorithms-Concepts-Textbooks-Processing/dp/1852330724%3FSubscriptionId%3D0JYN1NVW651KCA56C102%26tag%3Dtechkie-20%26linkCode%3Dxm2%26camp%3D2025%26creative%3D165953%26creativeASIN%3D1852330724}
}
