@book{GaPracticalHandbook,
  Author = {Lance D. Chambers},
  Title = {Practical Handbook of Genetic Algorithms: Complex Coding Systems, Volume III},
  Publisher = {CRC Press},
  Year = {1998},
  ISBN = {0849325390},
  URL = {http://www.amazon.com/Practical-Handbook-Genetic-Algorithms-Complex/dp/0849325390%3FSubscriptionId%3D0JYN1NVW651KCA56C102%26tag%3Dtechkie-20%26linkCode%3Dxm2%26camp%3D2025%26creative%3D165953%26creativeASIN%3D0849325390}
}
