@ARTICLE{GaTournamentSelection,
    author = {Brad L. Miller and Brad L. Miller and David E. Goldberg and David E. Goldberg},
    title = {Genetic Algorithms, Tournament Selection, and the Effects of Noise},
    journal = {Complex Systems},
    year = {1995},
    volume = {9},
    pages = {193--212}
}
