
@article{MelkmanConvexHull,
 author = {Melkman, Avraham A.},
 title = {On-line Construction of the Convex Hull of a Simple Polyline},
 journal = {Inf. Process. Lett.},
 issue_date = {20 April 1987},
 volume = {25},
 number = {1},
 month = apr,
 year = {1987},
 issn = {0020-0190},
 pages = {11--12},
 numpages = {2},
 url = {http://dx.doi.org/10.1016/0020-0190(87)90086-X},
 doi = {10.1016/0020-0190(87)90086-X},
 acmid = {31183},
 publisher = {Elsevier North-Holland, Inc.},
 address = {Amsterdam, The Netherlands, The Netherlands},
} 
