@book{NeuralNets,
  Author = {Kevin Gurney},
  Title = {An Introduction to Neural Networks},
  Publisher = {CRC Press},
  Year = {1997},
  ISBN = {1857286731},
  URL = {http://www.amazon.com/Introduction-Neural-Networks-Kevin-Gurney/dp/1857286731%3FSubscriptionId%3D0JYN1NVW651KCA56C102%26tag%3Dtechkie-20%26linkCode%3Dxm2%26camp%3D2025%26creative%3D165953%26creativeASIN%3D1857286731}
}